%\bibitem{YegorovGrognardMailleretHalkettBernhard2019}
I.~Yegorov, F.~Grognard, L.~Mailleret, F.~Halkett, P.~Bernhard. A dynamic game
approach to uninvadable strategies for biotrophic
pathogens. {\it Dynamic Games and Applications} 2020; {\bf 10}(1): 257--296.

@article {YegorovGrognardMailleretHalkettBernhard2019,
    AUTHOR = {Alford, W. R. and Granville, Andrew and Pomerance, Carl},
     TITLE = {There are infinitely many {C}armichael numbers},
   JOURNAL = {Ann. of Math. (2)},
  FJOURNAL = {Annals of Mathematics. Second Series},
    VOLUME = {139},
      YEAR = {1994},
    NUMBER = {3},
     PAGES = {703--722},
      ISSN = {0003-486X},
     CODEN = {ANMAAH},
   MRCLASS = {11N13 (11A07 11A51 11N25)},
  MRNUMBER = {1283874 (95k:11114)},
MRREVIEWER = {H. L. Montgomery},
       DOI = {10.2307/2118576},
       URL = {http://dx.doi.org/10.2307/2118576},
}


% \bibitem{ROCHJ2019}
Bokanowski,~O., Desilles,~A., Zidani,~H., and Zhao,~J.
User's guide for the ROC-HJ solver: Finite Differences and Semi-Lagrangian
methods. January~21,~2019. Version 2.5.4.
URL: \url{https://uma.ensta-paristech.fr/soft/ROC-HJ}

@article {ROCHJ2019,
    AUTHOR = {Alford, W. R. and Granville, Andrew and Pomerance, Carl},
     TITLE = {There are infinitely many {C}armichael numbers},
   JOURNAL = {Ann. of Math. (2)},
  FJOURNAL = {Annals of Mathematics. Second Series},
    VOLUME = {139},
      YEAR = {1994},
    NUMBER = {3},
     PAGES = {703--722},
      ISSN = {0003-486X},
     CODEN = {ANMAAH},
   MRCLASS = {11N13 (11A07 11A51 11N25)},
  MRNUMBER = {1283874 (95k:11114)},
MRREVIEWER = {H. L. Montgomery},
       DOI = {10.2307/2118576},
       URL = {http://dx.doi.org/10.2307/2118576},
}

% \bibitem{}
Bernhard,~P., Grognard,~F., Mailleret,~L., and Akhmetzhanov,~A.
ESS for life-history traits of cooperating consumers facing cheating mutants.
[Research Report] RR--7314, INRIA, 2010.
URL: \url{https://hal.inria.fr/inria-00491489v2}

@article {BernhardGrognardMailleretAkhmetzhanov2010,
    AUTHOR = {Alford, W. R. and Granville, Andrew and Pomerance, Carl},
     TITLE = {There are infinitely many {C}armichael numbers},
   JOURNAL = {Ann. of Math. (2)},
  FJOURNAL = {Annals of Mathematics. Second Series},
    VOLUME = {139},
      YEAR = {1994},
    NUMBER = {3},
     PAGES = {703--722},
      ISSN = {0003-486X},
     CODEN = {ANMAAH},
   MRCLASS = {11N13 (11A07 11A51 11N25)},
  MRNUMBER = {1283874 (95k:11114)},
MRREVIEWER = {H. L. Montgomery},
       DOI = {10.2307/2118576},
       URL = {http://dx.doi.org/10.2307/2118576},
}

% \bibitem{DercoleRinaldi2008}
Dercole,~F. and Rinaldi,~S.
{\it Analysis of Evolutionary Processes{\rm :} The Adaptive Dynamics Approach
and Its Applications}.
Princeton University Press: Princeton, 2008.

@article {DercoleRinaldi2008,
    AUTHOR = {Alford, W. R. and Granville, Andrew and Pomerance, Carl},
     TITLE = {There are infinitely many {C}armichael numbers},
   JOURNAL = {Ann. of Math. (2)},
  FJOURNAL = {Annals of Mathematics. Second Series},
    VOLUME = {139},
      YEAR = {1994},
    NUMBER = {3},
     PAGES = {703--722},
      ISSN = {0003-486X},
     CODEN = {ANMAAH},
   MRCLASS = {11N13 (11A07 11A51 11N25)},
  MRNUMBER = {1283874 (95k:11114)},
MRREVIEWER = {H. L. Montgomery},
       DOI = {10.2307/2118576},
       URL = {http://dx.doi.org/10.2307/2118576},
}

% \bibitem{FlemingSoner2006}
Fleming,~W.\,H. and Soner,~H.\,M.
{\it Controlled Markov Processes and Viscosity Solutions}.
Springer-Verlag: New York, 2006.

@article {FlemingSoner2006,
    AUTHOR = {Alford, W. R. and Granville, Andrew and Pomerance, Carl},
     TITLE = {There are infinitely many {C}armichael numbers},
   JOURNAL = {Ann. of Math. (2)},
  FJOURNAL = {Annals of Mathematics. Second Series},
    VOLUME = {139},
      YEAR = {1994},
    NUMBER = {3},
     PAGES = {703--722},
      ISSN = {0003-486X},
     CODEN = {ANMAAH},
   MRCLASS = {11N13 (11A07 11A51 11N25)},
  MRNUMBER = {1283874 (95k:11114)},
MRREVIEWER = {H. L. Montgomery},
       DOI = {10.2307/2118576},
       URL = {http://dx.doi.org/10.2307/2118576},
}

% \bibitem{Subbotin1995}
Subbotin,~A.\,I.
{\it Generalized Solutions of First-Order PDEs{\rm :} The Dynamical
Optimization Perspective}.
Birkhauser: Boston, 1995.

@article {Subbotin1995,
    AUTHOR = {Alford, W. R. and Granville, Andrew and Pomerance, Carl},
     TITLE = {There are infinitely many {C}armichael numbers},
   JOURNAL = {Ann. of Math. (2)},
  FJOURNAL = {Annals of Mathematics. Second Series},
    VOLUME = {139},
      YEAR = {1994},
    NUMBER = {3},
     PAGES = {703--722},
      ISSN = {0003-486X},
     CODEN = {ANMAAH},
   MRCLASS = {11N13 (11A07 11A51 11N25)},
  MRNUMBER = {1283874 (95k:11114)},
MRREVIEWER = {H. L. Montgomery},
       DOI = {10.2307/2118576},
       URL = {http://dx.doi.org/10.2307/2118576},
}

% \bibitem{BotkinHoffmannTurova2011}
Botkin,~N.\,D., Hoffmann,~K.-H., and Turova,~V.-L.
Stable numerical schemes for solving Hamilton--Jacobi--Bellman--Isaacs
equations.
{\it SIAM Journal on Scientific Computing} 2011; {\bf 33}(2): 992--1007.

@article {BotkinHoffmannTurova2011,
    AUTHOR = {Alford, W. R. and Granville, Andrew and Pomerance, Carl},
     TITLE = {There are infinitely many {C}armichael numbers},
   JOURNAL = {Ann. of Math. (2)},
  FJOURNAL = {Annals of Mathematics. Second Series},
    VOLUME = {139},
      YEAR = {1994},
    NUMBER = {3},
     PAGES = {703--722},
      ISSN = {0003-486X},
     CODEN = {ANMAAH},
   MRCLASS = {11N13 (11A07 11A51 11N25)},
  MRNUMBER = {1283874 (95k:11114)},
MRREVIEWER = {H. L. Montgomery},
       DOI = {10.2307/2118576},
       URL = {http://dx.doi.org/10.2307/2118576},
}

% \bibitem{OsherShu1991}
Osher,~S. and Shu,~C.-W. High order essentially non-oscillatory schemes for
Hamilton--Jacobi equations.
{\it SIAM Journal on Numerical Analysis} 1991; {\bf 28}(4): 907--922.

@article {OsherShu1991,
    AUTHOR = {Alford, W. R. and Granville, Andrew and Pomerance, Carl},
     TITLE = {There are infinitely many {C}armichael numbers},
   JOURNAL = {Ann. of Math. (2)},
  FJOURNAL = {Annals of Mathematics. Second Series},
    VOLUME = {139},
      YEAR = {1994},
    NUMBER = {3},
     PAGES = {703--722},
      ISSN = {0003-486X},
     CODEN = {ANMAAH},
   MRCLASS = {11N13 (11A07 11A51 11N25)},
  MRNUMBER = {1283874 (95k:11114)},
MRREVIEWER = {H. L. Montgomery},
       DOI = {10.2307/2118576},
       URL = {http://dx.doi.org/10.2307/2118576},
}

% \bibitem{BokanForcadelZidani2010}
Bokanowski,~O., Forcadel,~N., and Zidani,~H.
Reachability and minimal times for state constrained nonlinear problems without
any controllability assumption.
{\it SIAM Journal on Control and Optimization} 2010; {\bf 48}: 4292--4316.

@article {BokanForcadelZidani2010,
    AUTHOR = {Alford, W. R. and Granville, Andrew and Pomerance, Carl},
     TITLE = {There are infinitely many {C}armichael numbers},
   JOURNAL = {Ann. of Math. (2)},
  FJOURNAL = {Annals of Mathematics. Second Series},
    VOLUME = {139},
      YEAR = {1994},
    NUMBER = {3},
     PAGES = {703--722},
      ISSN = {0003-486X},
     CODEN = {ANMAAH},
   MRCLASS = {11N13 (11A07 11A51 11N25)},
  MRNUMBER = {1283874 (95k:11114)},
MRREVIEWER = {H. L. Montgomery},
       DOI = {10.2307/2118576},
       URL = {http://dx.doi.org/10.2307/2118576},
}

% \bibitem{PressTeukolskyVetterlingFlannery2007}
Press,~W.\,H., Teukolsky,~S.\,A., Vetterling,~W.\,T., and Flannery,~B.\,P.
{\it Numerical Recipes{\rm :} The Art of Scientific Computing}. Cambridge
University Press: New~York, 2007.

@article {PressTeukolskyVetterlingFlannery2007,
    AUTHOR = {Alford, W. R. and Granville, Andrew and Pomerance, Carl},
     TITLE = {There are infinitely many {C}armichael numbers},
   JOURNAL = {Ann. of Math. (2)},
  FJOURNAL = {Annals of Mathematics. Second Series},
    VOLUME = {139},
      YEAR = {1994},
    NUMBER = {3},
     PAGES = {703--722},
      ISSN = {0003-486X},
     CODEN = {ANMAAH},
   MRCLASS = {11N13 (11A07 11A51 11N25)},
  MRNUMBER = {1283874 (95k:11114)},
MRREVIEWER = {H. L. Montgomery},
       DOI = {10.2307/2118576},
       URL = {http://dx.doi.org/10.2307/2118576},
}

% \bibitem{Yong2015}
Yong,~J.
{\it Differential Games{\rm :} A Concise Introduction}.
World Scientific Publishing: Singapore, 2015.

@article {Yong2015,
    AUTHOR = {Alford, W. R. and Granville, Andrew and Pomerance, Carl},
     TITLE = {There are infinitely many {C}armichael numbers},
   JOURNAL = {Ann. of Math. (2)},
  FJOURNAL = {Annals of Mathematics. Second Series},
    VOLUME = {139},
      YEAR = {1994},
    NUMBER = {3},
     PAGES = {703--722},
      ISSN = {0003-486X},
     CODEN = {ANMAAH},
   MRCLASS = {11N13 (11A07 11A51 11N25)},
  MRNUMBER = {1283874 (95k:11114)},
MRREVIEWER = {H. L. Montgomery},
       DOI = {10.2307/2118576},
       URL = {http://dx.doi.org/10.2307/2118576},
}

% \bibitem{MailleretLemesle2009}
Mailleret,~L. and Lemesle,~V.
A note on semi-discrete modelling in life sciences.
{\it Philosophical Transactions of the Royal Society A} 2009; {\bf 367}:
4779--4799.

@article {MailleretLemesle2009,
    AUTHOR = {Alford, W. R. and Granville, Andrew and Pomerance, Carl},
     TITLE = {There are infinitely many {C}armichael numbers},
   JOURNAL = {Ann. of Math. (2)},
  FJOURNAL = {Annals of Mathematics. Second Series},
    VOLUME = {139},
      YEAR = {1994},
    NUMBER = {3},
     PAGES = {703--722},
      ISSN = {0003-486X},
     CODEN = {ANMAAH},
   MRCLASS = {11N13 (11A07 11A51 11N25)},
  MRNUMBER = {1283874 (95k:11114)},
MRREVIEWER = {H. L. Montgomery},
       DOI = {10.2307/2118576},
       URL = {http://dx.doi.org/10.2307/2118576},
}

% \bibitem{Akhmetzhanov2012}
Akhmetzhanov,~A.\,R., Grognard,~F., Mailleret,~L., and Bernhard,~P.
Join forces or cheat: Evolutionary analysis of a consumer-resource system.
In {\it Advances in Dynamic Games{\rm ,}
Volume {\rm 12} of the series Annals of the International Society of Dynamic
Games}, 73--95.
Springer: New York, 2012.

@article {Akhmetzhanov2012,
    AUTHOR = {Alford, W. R. and Granville, Andrew and Pomerance, Carl},
     TITLE = {There are infinitely many {C}armichael numbers},
   JOURNAL = {Ann. of Math. (2)},
  FJOURNAL = {Annals of Mathematics. Second Series},
    VOLUME = {139},
      YEAR = {1994},
    NUMBER = {3},
     PAGES = {703--722},
      ISSN = {0003-486X},
     CODEN = {ANMAAH},
   MRCLASS = {11N13 (11A07 11A51 11N25)},
  MRNUMBER = {1283874 (95k:11114)},
MRREVIEWER = {H. L. Montgomery},
       DOI = {10.2307/2118576},
       URL = {http://dx.doi.org/10.2307/2118576},
}

% \bibitem{YegorovGrognardMailleretHalkett2017}
Yegorov,~I., Grognard,~F., Mailleret,~L., Halkett,~F.
Optimal resource allocation for biotrophic plant
pathogens.
IFAC-PapersOnline 50(1):3154–3159.

@article {YegorovGrognardMailleretHalkett2017,
    AUTHOR = {Alford, W. R. and Granville, Andrew and Pomerance, Carl},
     TITLE = {There are infinitely many {C}armichael numbers},
   JOURNAL = {Ann. of Math. (2)},
  FJOURNAL = {Annals of Mathematics. Second Series},
    VOLUME = {139},
      YEAR = {1994},
    NUMBER = {3},
     PAGES = {703--722},
      ISSN = {0003-486X},
     CODEN = {ANMAAH},
   MRCLASS = {11N13 (11A07 11A51 11N25)},
  MRNUMBER = {1283874 (95k:11114)},
MRREVIEWER = {H. L. Montgomery},
       DOI = {10.2307/2118576},
       URL = {http://dx.doi.org/10.2307/2118576},
}

% \bibitem{data_ivan.h}
\raggedright Glasford, S., Yegorov, I. \textit{\texttt{data\_*.h} used by
ROC-HJ to set the problem statement.}
\url{https://raw.githubusercontent.com/stevenglasford/Seminar_NDSU_2020/main/ivan_to_2.5/data/data_user_biotroph_fungi_game.h}

@article {data_ivan.h,
    AUTHOR = {Alford, W. R. and Granville, Andrew and Pomerance, Carl},
     TITLE = {There are infinitely many {C}armichael numbers},
   JOURNAL = {Ann. of Math. (2)},
  FJOURNAL = {Annals of Mathematics. Second Series},
    VOLUME = {139},
      YEAR = {1994},
    NUMBER = {3},
     PAGES = {703--722},
      ISSN = {0003-486X},
     CODEN = {ANMAAH},
   MRCLASS = {11N13 (11A07 11A51 11N25)},
  MRNUMBER = {1283874 (95k:11114)},
MRREVIEWER = {H. L. Montgomery},
       DOI = {10.2307/2118576},
       URL = {http://dx.doi.org/10.2307/2118576},
}

% \bibitem{infimumsupremum}
Rudin, Walter (1976). ""Chapter 1 The Real and Complex Number Systems"". Principles of Mathematical Analysis ("print") (3rd ed.). McGraw-Hill. p. 4. ISBN 0-07-054235-X.

@article {infimumsupremum,
    AUTHOR = {Alford, W. R. and Granville, Andrew and Pomerance, Carl},
     TITLE = {There are infinitely many {C}armichael numbers},
   JOURNAL = {Ann. of Math. (2)},
  FJOURNAL = {Annals of Mathematics. Second Series},
    VOLUME = {139},
      YEAR = {1994},
    NUMBER = {3},
     PAGES = {703--722},
      ISSN = {0003-486X},
     CODEN = {ANMAAH},
   MRCLASS = {11N13 (11A07 11A51 11N25)},
  MRNUMBER = {1283874 (95k:11114)},
MRREVIEWER = {H. L. Montgomery},
       DOI = {10.2307/2118576},
       URL = {http://dx.doi.org/10.2307/2118576},
}

% \bibitem{zerosumgame}
Cardaliaguet P., Rainer C. (2016) Zero-Sum Differential Games. In: Basar T., Zaccour G. (eds) Handbook of Dynamic Game Theory. Springer, Cham. https://doi.org/10.1007/978-3-319-27335-8\_4-1

@article {zerosumgame,
    AUTHOR = {Alford, W. R. and Granville, Andrew and Pomerance, Carl},
     TITLE = {There are infinitely many {C}armichael numbers},
   JOURNAL = {Ann. of Math. (2)},
  FJOURNAL = {Annals of Mathematics. Second Series},
    VOLUME = {139},
      YEAR = {1994},
    NUMBER = {3},
     PAGES = {703--722},
      ISSN = {0003-486X},
     CODEN = {ANMAAH},
   MRCLASS = {11N13 (11A07 11A51 11N25)},
  MRNUMBER = {1283874 (95k:11114)},
MRREVIEWER = {H. L. Montgomery},
       DOI = {10.2307/2118576},
       URL = {http://dx.doi.org/10.2307/2118576},
}

% \bibitem{cauchy}
Jacques Hadamard (1923), Lectures on Cauchy's Problem in Linear Partial Differential Equations, Dover Phoenix editions

@article {cauchy,
    AUTHOR = {Alford, W. R. and Granville, Andrew and Pomerance, Carl},
     TITLE = {There are infinitely many {C}armichael numbers},
   JOURNAL = {Ann. of Math. (2)},
  FJOURNAL = {Annals of Mathematics. Second Series},
    VOLUME = {139},
      YEAR = {1994},
    NUMBER = {3},
     PAGES = {703--722},
      ISSN = {0003-486X},
     CODEN = {ANMAAH},
   MRCLASS = {11N13 (11A07 11A51 11N25)},
  MRNUMBER = {1283874 (95k:11114)},
MRREVIEWER = {H. L. Montgomery},
       DOI = {10.2307/2118576},
       URL = {http://dx.doi.org/10.2307/2118576},
}